<record><leader>00000cas a22000007a 4500</leader><controlfield tag="001">27057643</controlfield><controlfield tag="008">921203d193519uunyuuu ne      0    0eng d</controlfield><datafield ind1=" " ind2=" " tag="010"><subfield code="a">sn 93063762 </subfield></datafield><datafield ind1=" " ind2=" " tag="040"><subfield code="a">NYS</subfield><subfield code="b">eng</subfield><subfield code="c">NYS</subfield><subfield code="d">OCLCQ</subfield></datafield><datafield ind1=" " ind2=" " tag="042"><subfield code="a">msc</subfield></datafield><datafield ind1="0" ind2="4" tag="245"><subfield code="a">The Westfield chronicle.</subfield></datafield><datafield ind1=" " ind2=" " tag="260"><subfield code="a">Westfield, N.Y. :</subfield><subfield code="b">Burnell B. Lydell</subfield></datafield><datafield ind1=" " ind2=" " tag="300"><subfield code="a">v.</subfield></datafield><datafield ind1="0" ind2=" " tag="362"><subfield code="a">Vol. 1, no. 1 (Nov. 22, 1935)-</subfield></datafield><datafield ind1=" " ind2="4" tag="651"><subfield code="a">Westfield (N.Y.)</subfield><subfield code="v">Newspapers.</subfield></datafield><datafield ind1=" " ind2=" " tag="752"><subfield code="a">United States</subfield><subfield code="b">New York</subfield><subfield code="c">Chautauqua</subfield><subfield code="d">Westfield.</subfield></datafield><datafield ind1="1" ind2=" " tag="029"><subfield code="a">AU@</subfield><subfield code="b">000020714684</subfield></datafield></record>